@article{example1,
  author    = {SiriusAhu},
  booktitle = {An Example Conference},
  title     = {{A}n {E}xample {P}aper},
  year      = {2023},
  month     = {Nov},
  volume    = {13},
  pages     = {123-456},
  keywords  = {This, is, a, keyword, list}
}

@article{example2,
  author    = {SiriusAhu},
  booktitle = {An Example Conference},
  title     = {{A}n {E}xample {P}aper},
  year      = {2022},
  month     = {Nov},
  volume    = {13},
  pages     = {123-456},
  keywords  = {This, is, a, keyword, list}
}